<?xml version="1.0" encoding="UTF-8"?><collection xmlns="http://www.loc.gov/MARC21/slim"><record><leader>00687nam--2200217-i-4500</leader><controlfield tag="001">000014367</controlfield><controlfield tag="002">20161230</controlfield><controlfield tag="005">20161230201030</controlfield><controlfield tag="008">060222s1000------------r-----000-0-eng-d</controlfield><datafield ind1=" " ind2=" " tag="020"><subfield code="a">0852745443</subfield></datafield><datafield ind1=" " ind2=" " tag="040"><subfield code="a">IFIN-HH</subfield></datafield><datafield ind1=" " ind2=" " tag="080"><subfield code="a">535.377:539.1.08(075.9)</subfield></datafield><datafield ind1="1" ind2=" " tag="100"><subfield code="a">Oberhofer, A</subfield></datafield><datafield ind1="1" ind2="0" tag="245"><subfield code="a">Applied thermoluminescence dosimetry</subfield><subfield code="b">Lectures of a course held at the joint research centre, ispra, italy, 12-16 november 1979</subfield><subfield code="c">M. oberhofer; a. scarmann (eds.)</subfield></datafield><datafield ind1=" " ind2=" " tag="260"><subfield code="a">Bristol</subfield><subfield code="b">Adam Hilger Ltd</subfield><subfield code="c">1981</subfield></datafield><datafield ind1=" " ind2=" " tag="300"><subfield code="a">XII + 414 P</subfield></datafield><datafield ind1=" " ind2=" " tag="490"><subfield code="a">Ispra Courses</subfield></datafield><datafield ind1=" " ind2=" " tag="650"><subfield code="a">Thermoluminescence</subfield></datafield><datafield ind1="1" ind2=" " tag="700"><subfield code="a">Scarmann, A</subfield><subfield code="e">Ed</subfield></datafield><datafield ind1=" " ind2=" " tag="852"><subfield code="a">70227</subfield><subfield code="c">535.37</subfield></datafield><datafield ind1=" " ind2=" " tag="CAT"><subfield code="a">Sys</subfield><subfield code="c">20110427</subfield><subfield code="h">131727</subfield></datafield></record></collection>